=LDR  00000nam a2200000 i 4500
=001  SEED-2025-001
=245  10$a Bloodroot /$b Sanguinaria canadensis.
=260  \\$c 2025.
=300  \\$a Approx. 150 seeds.
=500  \\$a Family: Papaveraceae.
=500  \\$a Growing temperature range: 15–25°C (59–77°F).
=500  \\$a Germination requirements: Cold-moist stratification for 60 days before sowing.
=500  \\$a Notes: Woodland wildflower; early spring bloomer with white flowers.
=518  \\$a Collected YYYY-MM-DD during [collection event description].
=583  \\$a Packaged YYYY-MM-DD.
=034  0\\$d -76.8524$f 38.9832.
=024  7\\$a SACA3$2USDA-PLANTS
=856  40$u https://plants.usda.gov/home/plantProfile?symbol=SACA3$q QR code link
=650  \0$a Native plants -- Mid-Atlantic region.
=650  \0$a Woodland wildflowers.
=710  2\\$a Mid-Atlantic Regional Seed Bank, collector.

