=LDR  00000nam a2200000 i 4500
=001  SEED-2025-002
=245  10$a Correll’s False Dragonhead /$b Physostegia correllii.
=260  \\$c 2025.
=300  \\$a Approx. 200 seeds.
=500  \\$a Family: Lamiaceae.
=500  \\$a Growing temperature range: 20–30°C (68–86°F).
=500  \\$a Germination requirements: Light required; sow on surface, keep moist.
=500  \\$a Notes: Rare wetland perennial with purple tubular flowers.
=518  \\$a Collected YYYY-MM-DD during [collection event description].
=583  \\$a Packaged YYYY-MM-DD.
=034  0\\$d -97.3308$f 32.7565.
=024  7\\$a PHCO12$2USDA-PLANTS
=856  40$u https://plants.usda.gov/home/plantProfile?symbol=PHCO12$q QR code link
=650  \0$a Rare plants -- Conservation.
=650  \0$a Native flora -- Texas and Louisiana.
=710  2\\$a Fort Worth Botanic Garden, collector.

