=LDR  00000nam a2200000 i 4500
=001  SEED-2025-003
=245  10$a Spotted Joe-Pye Weed /$b Eutrochium maculatum.
=260  \\$c 2025.
=300  \\$a Approx. 250 seeds.
=500  \\$a Family: Asteraceae.
=500  \\$a Growing temperature range: 18–28°C (64–82°F).
=500  \\$a Germination requirements: Cold stratification for 30 days; light required for germination.
=500  \\$a Notes: Tall perennial for wet meadows; attracts pollinators.
=518  \\$a Collected YYYY-MM-DD during [collection event description].
=583  \\$a Packaged YYYY-MM-DD.
=034  0\\$d -76.5202$f 39.3648.
=024  7\\$a EUMA6$2USDA-PLANTS
=856  40$u https://plants.usda.gov/home/plantProfile?symbol=EUMA6$q QR code link
=650  \0$a Pollinator plants.
=650  \0$a Native perennials -- Eastern United States.
=710  2\\$a Maryland Native Plant Society, collector.

